<?xml version="1.0" encoding="UTF-8"?><record xmlns="http://www.loc.gov/MARC21/slim" xmlns:cinclude="http://apache.org/cocoon/include/1.0" xmlns:zs="http://www.loc.gov/zing/srw/">
  <leader>00983cz  a2200205n  4500</leader>
  <controlfield tag="001">n  85208766 </controlfield>
  <controlfield tag="003">DLC</controlfield>
  <controlfield tag="005">20160430075442.0</controlfield>
  <controlfield tag="008">870331n| azannaabn          |n aaa      </controlfield>
  <datafield tag="010" ind1=" " ind2=" ">
    <subfield code="a">n  85208766 </subfield>
  </datafield>
  <datafield tag="035" ind1=" " ind2=" ">
    <subfield code="a">(OCoLC)oca01833947</subfield>
  </datafield>
  <datafield tag="040" ind1=" " ind2=" ">
    <subfield code="a">DLC</subfield>
    <subfield code="b">eng</subfield>
    <subfield code="e">rda</subfield>
    <subfield code="c">DLC</subfield>
    <subfield code="d">OCoLC</subfield>
    <subfield code="d">IdU</subfield>
  </datafield>
  <datafield tag="046" ind1=" " ind2=" ">
    <subfield code="s">19</subfield>
    <subfield code="t">20</subfield>
  </datafield>
  <datafield tag="100" ind1="1" ind2=" ">
    <subfield code="a">Alänge, Sverker</subfield>
  </datafield>
  <datafield tag="370" ind1=" " ind2=" ">
    <subfield code="f">Göteborg (Sweden)</subfield>
    <subfield code="2">naf</subfield>
  </datafield>
  <datafield tag="373" ind1=" " ind2=" ">
    <subfield code="a">Chalmers tekniska högskola</subfield>
    <subfield code="2">naf</subfield>
  </datafield>
  <datafield tag="374" ind1=" " ind2=" ">
    <subfield code="a">College teachers</subfield>
    <subfield code="2">lcsh</subfield>
  </datafield>
  <datafield tag="670" ind1=" " ind2=" ">
    <subfield code="a">Transfer of technology through small-scale sister industry agreements, 1981:</subfield>
    <subfield code="b">t.p. (Sverker Alänge)</subfield>
  </datafield>
  <datafield tag="670" ind1=" " ind2=" ">
    <subfield code="a">The Silicon Valley model, ©2016:</subfield>
    <subfield code="b">title page (Sverker Alänge) title page verso (Chalmers University of Technology, Gothenburg, Sweden)</subfield>
  </datafield>
  <datafield tag="670" ind1=" " ind2=" ">
    <subfield code="a">LinkedIn, April 28, 2016</subfield>
    <subfield code="b">(Sverker Alänge; Associate professor at Chalmers University of Technology; Gothenburg, Sweden. Education: Master's degree in Mechanical Engineering and Ph. D. in Industrial Management, Chalmers University of Technology)</subfield>
  </datafield>
</record>